% This file was created with JabRef 2.4.2.
% Encoding: Cp1252

@BOOK{uml,
  title = {The Unified Modeling Language User Guide},
  publisher = {Addison-Wesley},
  year = {1999},
  author = {Grady Booch and Ivar Jacobson and James Rumbaugh}
}


